


@article{lambert1992zero,
  title={Zero-inflated Poisson regression, with an application to defects in manufacturing},
  author={Lambert, Diane},
  journal={Technometrics},
  volume={34},
  number={1},
  pages={1--14},
  year={1992},
  publisher={Taylor \& Francis}
}


@article{bajgar2020coverage,
  title={Coverage and representativeness of Orbis data},
  author={Bajgar, Matej and Berlingieri, Giuseppe and Calligaris, Sara and Criscuolo, Chiara and Timmis, Jonathan},
  year={2020},
  publisher={OECD}
}

@article{sassen1991global,
  title={The global city},
  author={Sassen, Saskia},
  journal={New York},
  year={1991},
  publisher={Wiley Online Library}
}

@article{raimbault2019space,
  title={Space Matters: Extending Sensitivity Analysis to Initial Spatial Conditions in Geosimulation Models},
  author={Raimbault, J and Cottineau, C and Le Texier, M and Le Nechet, F and Reuillon, R},
  journal={Journal of Artificial Societies and Social Simulation},
  volume={22},
  number={4},
  year={2019},
  publisher={JASSS}
}


@article{corral2020truncated,
  title={Truncated lognormal distributions and scaling in the size of naturally defined population clusters},
  author={Corral, {\'A}lvaro and Udina, Frederic and Arcaute, Elsa},
  journal={Physical Review E},
  volume={101},
  number={4},
  pages={042312},
  year={2020},
  publisher={APS}
}

@article{cottineau2017metazipf,
  title={MetaZipf. A dynamic meta-analysis of city size distributions},
  author={Cottineau, Cl{\'e}mentine},
  journal={PloS one},
  volume={12},
  number={8},
  pages={e0183919},
  year={2017},
  publisher={Public Library of Science San Francisco, CA USA}
}

@article{storme2019introducing,
  title={Introducing cluster heatmaps to explore city/firm interactions in world cities},
  author={Storme, Tom and Derudder, Ben and D{\"o}rry, S},
  journal={Computers, Environment and Urban Systems},
  volume={76},
  pages={57--68},
  year={2019},
  publisher={Elsevier}
}

@article{derudder2018central,
  title={Central flow theory: Comparative connectivities in the world-city network},
  author={Derudder, Ben and Taylor, Peter J},
  journal={Regional Studies},
  volume={52},
  number={8},
  pages={1029--1040},
  year={2018},
  publisher={Routledge}
}


@article{hidalgo2007product,
  title={The product space conditions the development of nations},
  author={Hidalgo, C{\'e}sar A and Klinger, Bailey and Barab{\'a}si, A-L and Hausmann, Ricardo},
  journal={Science},
  volume={317},
  number={5837},
  pages={482--487},
  year={2007},
  publisher={American Association for the Advancement of Science}
}



@article{deb2002fast,
  title={A fast and elitist multiobjective genetic algorithm: NSGA-II},
  author={Deb, Kalyanmoy and Pratap, Amrit and Agarwal, Sameer and Meyarivan, TAMT},
  journal={IEEE transactions on evolutionary computation},
  volume={6},
  number={2},
  pages={182--197},
  year={2002},
  publisher={IEEE}
}


@article{saltelli2010variance,
  title={Variance based sensitivity analysis of model output. Design and estimator for the total sensitivity index},
  author={Saltelli, Andrea and Annoni, Paola and Azzini, Ivano and Campolongo, Francesca and Ratto, Marco and Tarantola, Stefano},
  journal={Computer Physics Communications},
  volume={181},
  number={2},
  pages={259--270},
  year={2010},
  publisher={Elsevier}
}


@book{saltelli2008global,
  title={Global sensitivity analysis: the primer},
  author={Saltelli, Andrea and Ratto, Marco and Andres, Terry and Campolongo, Francesca and Cariboni, Jessica and Gatelli, Debora and Saisana, Michaela and Tarantola, Stefano},
  year={2008},
  publisher={John Wiley \& Sons}
}


@article{Glaeser2001,
  title={Agglomeration Economics},
  author={Glaeser, Edward L.},
  journal={The University of Chicago Press},
  year={2011},
}

@article{Fujitaetal2001,
  title={The spatial economy: cities, regions, and international trade},
  author={Fujita, Masahisa and Krugman, Paul and Venables, Anthony J.},
  journal={Cambrige: MIT Press},
  year={2001},
  publisher={MIT Press}
}


@article{raimbault2019space,
   title = {Space Matters: Extending Sensitivity Analysis to Initial Spatial Conditions in Geosimulation Models},
   author = {Raimbault, Juste and Cottineau, Cl\'{e}mentine and Le Texier, Marion and Le Nechet, Florent and Reuillon, Romain},
   journal = {Journal of Artificial Societies and Social Simulation},
   ISSN = {1460-7425},
   volume = {22},
   number = {4},
   pages = {10},
   year = {2019},
   URL = {http://jasss.soc.surrey.ac.uk/22/4/10.html},
   DOI = {10.18564/jasss.4136},
   keywords = {Space, Initial Conditions, Sensitivity, Agent-Based Models},
   abstract = {Although simulation models of socio-spatial systems in general and agent-based models in particular represent a fantastic opportunity to explore socio-spatial behaviours and to test a variety of scenarios for public policy, the validity of generative models is uncertain unless their results are proven robust and representative of 'real-world' conditions. Sensitivity analysis usually includes the analysis of the effect of stochasticity on the variability of results, as well as the effects of small parameter changes. However, initial spatial conditions are usually not modified systematically in socio-spatial models, thus leaving unexplored the effect of initial spatial arrangements on the interactions of agents with one another as well as with their environment. In this article, we present a method to assess the effect of variation of some initial spatial conditions on simulation models, using a systematic geometric structures generator in order to create density grids with which socio-spatial simulation models are initialised. We show, with the example of two classical agent-based models (Schelling's model of segregation and Sugarscape's model of unequal societies) and a straightforward open-source workflow using high performance computing, that the effect of initial spatial arrangements is significant on the two models. We wish to illustrate the potential interest of adding spatial sensitivity analysis during the exploration of models for both modellers and thematic specialists.},
}		


@article{flowerdew1988fitting,
  title={Fitting constrained Poisson regression models to interurban migration flows},
  author={Flowerdew, Robin and Lovett, Andrew},
  journal={Geographical Analysis},
  volume={20},
  number={4},
  pages={297--307},
  year={1988},
  publisher={Wiley Online Library}
}


@article{wilson1975some,
  title={Some new forms of spatial interaction model: A review},
  author={Wilson, Alan Geoffrey},
  journal={Transportation Research},
  volume={9},
  number={2-3},
  pages={167--179},
  year={1975},
  publisher={Elsevier}
}


@article{cottineau2020nested,
  title={The nested structure of urban business clusters},
  author={Cottineau, Cl{\'e}mentine and Arcaute, Elsa},
  journal={Applied Network Science},
  volume={5},
  number={1},
  pages={1--20},
  year={2020},
  publisher={SpringerOpen}
}


@article{raimbault2018indirect,
  title={Indirect evidence of network effects in a system of cities},
  author={Raimbault, Juste},
  journal={Environment and Planning B: Urban Analytics and City Science},
  volume={47},
  number={1},
  pages={138--155},
  year={2020},
  publisher={SAGE Publications Sage UK: London, England}
}



@article{garlaschelli2005structure,
  title={Structure and evolution of the world trade network},
  author={Garlaschelli, Diego and Loffredo, Maria I},
  journal={Physica A: Statistical Mechanics and its Applications},
  volume={355},
  number={1},
  pages={138--144},
  year={2005},
  publisher={Elsevier}
}



@article{jin1993generation,
  title={Generation of integrated multispatial input-output models of cities (GIMIMoC) I: Initial stage},
  author={Jin, Yu-xian and Wilson, Alan},
  journal={Papers in Regional Science},
  volume={72},
  number={4},
  pages={351--367},
  year={1993},
  publisher={Springer}
}


@article{zanin2013modelling,
  title={Modelling the air transport with complex networks: A short review},
  author={Zanin, Massimiliano and Lillo, Fabrizio},
  journal={The European Physical Journal Special Topics},
  volume={215},
  number={1},
  pages={5--21},
  year={2013},
  publisher={Springer}
}


@article{clauset2009power,
  title={Power-law distributions in empirical data},
  author={Clauset, Aaron and Shalizi, Cosma Rohilla and Newman, Mark EJ},
  journal={SIAM review},
  volume={51},
  number={4},
  pages={661--703},
  year={2009},
  publisher={SIAM}
}


@Article{powerlawpackage,
    title = {Fitting Heavy Tailed Distributions: The {poweRlaw} Package},
    author = {Colin S. Gillespie},
    journal = {Journal of Statistical Software},
    year = {2015},
    volume = {64},
    number = {2},
    pages = {1--16},
    url = {http://www.jstatsoft.org/v64/i02/},
  }


@article{blondel2008fast,
  title={Fast unfolding of communities in large networks},
  author={Blondel, Vincent D and Guillaume, Jean-Loup and Lambiotte, Renaud and Lefebvre, Etienne},
  journal={Journal of statistical mechanics: theory and experiment},
  volume={2008},
  number={10},
  pages={P10008},
  year={2008},
  publisher={IOP Publishing}
}

@article{clauset2004finding,
  title={Finding community structure in very large networks},
  author={Clauset, Aaron and Newman, Mark EJ and Moore, Cristopher},
  journal={Physical review E},
  volume={70},
  number={6},
  pages={066111},
  year={2004},
  publisher={APS}
}


@article{nicosia2009extending,
  title={Extending the definition of modularity to directed graphs with overlapping communities},
  author={Nicosia, Vincenzo and Mangioni, Giuseppe and Carchiolo, Vincenza and Malgeri, Michele},
  journal={Journal of Statistical Mechanics: Theory and Experiment},
  volume={2009},
  number={03},
  pages={P03024},
  year={2009},
  publisher={IOP Publishing}
}


@article{Sassen1991,
  title={The Global City: New York, London, Tokyo},
  author={Sassen, Saskia},
  journal={Princeton University Press, New Jersey},
  pages={480},
  year={1991}
}

@article {Clarke2018,
    title={Connecting cities, revitalizing regions: the centrality of cities to regional development},
    author={Clark, Jennifer and Harrison, John and Miguelez, Ernest},
    journal={Regional Studies},
    volume={52},
    number={8},
    pages={1025--1028},
    year={2018},
    publisher={Taylor & Francis online}
}

@article{Raimbault_2020, title={Empowering Urban Governance through Urban Science: Multi-Scale Dynamics of Urban Systems Worldwide}, volume={12}, ISSN={2071-1050}, url={http://dx.doi.org/10.3390/su12155954}, DOI={10.3390/su12155954}, number={15}, journal={Sustainability}, publisher={MDPI AG}, author={Raimbault, Juste and Denis, Eric and Pumain, Denise}, year={2020}, month={Jul}, pages={5954}}

@article{dennett2013multilevel,
  title={A multilevel spatial interaction modelling framework for estimating interregional migration in Europe},
  author={Dennett, Adam and Wilson, Alan},
  journal={Environment and Planning A},
  volume={45},
  number={6},
  pages={1491--1507},
  year={2013},
  publisher={SAGE Publications Sage UK: London, England}
}


@incollection{pumain2018evolutionary,
	Author = {Pumain, Denise},
	Booktitle = {International and Transnational Perspectives on Urban Systems},
	Pages = {3--18},
	Publisher = {Springer},
	Title = {An Evolutionary Theory of Urban Systems},
	Year = {2018}}

@incollection{Zdanowska2018,
	Author = {Zdanowska, Natalia},
	Title = {Int\'egration des villes d’Europe centrale et orientale dans l’économie-monde depuis 1989 : une entrée par les réseaux internationaux de commerce, de transport aérien et de firmes},
	Pages = {320},
	Publisher = {Université Paris 1 Panthéon-Sorbonne},
	Year = {2018},
	adsurl = {https://tel.archives-ouvertes.fr/tel-02332466/document}}

@ARTICLE{2020Zdanowska,
       author = {{Zdanowska}, Natalia},
        title = "{Central Eastern European cities within multi-level transnational company networks: cores, peripheries and diffusion of innovation}",
      journal = {Environment and Planning B: Urban Analytics and City Science},
          year= {2020},
       adsurl = {http://dx.doi.org/10.1177/2399808320977863},
}

@ARTICLE{Zdanowska2017,
       author = {{Zdanowska}, Natalia},
        title = "{Distribution of Foreign Direct Investment Across the National Urban Systems in Countries of Central and Eastern Europe in 2013}",
      journal = {Geographia Polonica},
         volume={90},
         number={2},
         pages={5--24},
         year={2016},
         adsurl = {http://doi.org/10.7163/GPol.0084},
}

@ARTICLE{DecovilleDurand2019,
       author = {Decoville, Antoine and Durand, François},
        title = {Exploring cross-border integration in Europe: How do populations cross borders and perceive their neighbours?},
      journal = {European Urban and Regional Studies},
         volume={26},
         number={2},
         pages={134--157},
         year={2016},
         adsurl = {https://doi.org/10.1177/0969776418756934},
}

@article{gluckler2016relational,
  title={Relational upgrading in global value networks},
  author={Gl{\"u}ckler, Johannes and Panitz, Robert},
  journal={Journal of Economic Geography},
  volume={16},
  number={6},
  pages={1161--1185},
  year={2016},
  publisher={Oxford University Press}
}

@article{turkina2016structure,
  title={Structure and evolution of global cluster networks: evidence from the aerospace industry},
  author={Turkina, Ekaterina and Van Assche, Ari and Kali, Raja},
  journal={Journal of Economic Geography},
  volume={16},
  number={6},
  pages={1211--1234},
  year={2016},
  publisher={Oxford University Press}
}


@article{dawley2019creating,
  title={Creating strategic couplings in global production networks: regional institutions and lead firm investment in the Humber region, UK},
  author={Dawley, Stuart and Mackinnon, Danny and Pollock, Robert},
  journal={Journal of Economic Geography},
  year={2019}
}

@article{martinus2019brokerage,
  title={The brokerage role of small states and territories in global corporate networks},
  author={Martinus, Kirsten and Sigler, Thomas and Iacopini, Iacopo and Derudder, Ben},
  journal={Growth and Change},
  year={2019},
  publisher={Wiley Online Library}
}


@article{railsback2017improving,
  title={Improving execution speed of models implemented in NetLogo},
  author={Railsback, Steven and Ayll{\'o}n, Daniel and Berger, Uta and Grimm, Volker and Lytinen, Steven and Sheppard, Colin and Thiele, Jan},
  journal={Journal of Artificial Societies and Social Simulation},
  volume={20},
  number={1},
  year={2017}
}


@article{dai2016simulating,
  title={Simulating infrastructure networks in the Yangtze River Delta (China) using generative urban network models},
  author={Dai, Liang and Derudder, Ben and Liu, Xingjian and Ye, Lei and Duan, Xuejun},
  journal={Belgeo. Revue belge de g{\'e}ographie},
  number={2},
  year={2016},
  publisher={National Committee of Geography of Belgium/Soci{\'e}t{\'e} Royale Belge de G{\'e}ographie}
}

@article{dai2016generative,
  title={Generative network models for simulating urban networks, the case of inter-city transport network in Southeast Asia},
  author={Dai, Liang and Derudder, Ben and Liu, Xingjian},
  journal={Cybergeo: European Journal of Geography},
  year={2016},
  publisher={CNRS-UMR G{\'e}ographie-cit{\'e}s 8504}
}


@article{banos2011christaller,
  title={Christaller, toujours vivant!},
  author={Banos, Arnaud and Moreno, Diego and Pivano, Cyril and Taillandier, Patrick},
  journal={Cybergeo: European Journal of Geography},
  year={2011},
  publisher={CNRS-UMR G{\'e}ographie-cit{\'e}s 8504}
}


@article{raimbault2018calibration,
  title={Calibration of a density-based model of urban morphogenesis},
  author={Raimbault, Juste},
  journal={PloS one},
  volume={13},
  number={9},
  pages={e0203516},
  year={2018},
  publisher={Public Library of Science}
}


@article{schmitt2015half,
  title={Half a billion simulations: Evolutionary algorithms and distributed computing for calibrating the SimpopLocal geographical model},
  author={Schmitt, Clara and Rey-Coyrehourcq, S{\'e}bastien and Reuillon, Romain and Pumain, Denise},
  journal={Environment and Planning B: Planning and Design},
  volume={42},
  number={2},
  pages={300--315},
  year={2015},
  publisher={SAGE Publications Sage UK: London, England}
}


@article{Hagerstrand1968Innovation,
  title={Innovation diffusion as a spatial process},
  author={Hagerstrand, Torsten},
  journal={Chicago, University of Chicago Press},
  year={1968},
  pages={334},
}


@incollection{pumain2012urban,
  title={Urban systems dynamics, urban growth and scaling laws: The question of ergodicity},
  author={Pumain, Denise},
  booktitle={Complexity theories of cities have come of age},
  pages={91--103},
  year={2012},
  publisher={Springer}
}

@article{reuillon2013openmole,
  title={OpenMOLE, a workflow engine specifically tailored for the distributed exploration of simulation models},
  author={Reuillon, Romain and Leclaire, Mathieu and Rey-Coyrehourcq, Sebastien},
  journal={Future Generation Computer Systems},
  volume={29},
  number={8},
  pages={1981--1990},
  year={2013},
  publisher={Elsevier}
}

@article{martin2006path,
  title={Path dependence and regional economic evolution},
  author={Martin, Ron and Sunley, Peter},
  journal={Journal of Economic Geography},
  volume={6--4},
  pages={395--473},
  year={2006}
}


@article{castells1996information,
  title={The information age: Economy, society and culture (3 volumes)},
  author={Castells, Manuel},
  journal={Blackwell, Oxford},
  volume={1997},
  pages={1998},
  year={1996}
}

@article{castells2000networksociety,
  title={The Rise of the Network Society},
  author={Castells, Manuel},
  journal={Blackwell Publishers, Cambridge MA},
  year={2000}
}



@article{sassen1991global,
  title={The global city},
  author={Sassen, Saskia},
  journal={New York},
  year={1991},
  publisher={Wiley Online Library}
}

@article{pumain2006villes,
  title={Villes et syst{\`e}mes de villes dans l'{\'e}conomie},
  author={Pumain, Denise},
  journal={Revue d'{\'e}conomie financi{\`e}re},
  pages={29--46},
  year={2006},
  publisher={JSTOR}
}


@article{pumain1997pour,
  title={Pour une th{\'e}orie {\'e}volutive des villes},
  author={Pumain, Denise},
  journal={L'Espace g{\'e}ographique},
  pages={119--134},
  year={1997},
  publisher={JSTOR}
}

@incollection{RozenblatPumain2007,
  title={Firm linkages, innovation and the evolution of urban systems},
  author={Rozenblat, C{\'e}line and Pumain, Denise},
  editor= {Taylor, Peter},
  booktitle= {Cities in Globalization Practices Policies and Theories},
  pages={130--156},
  year={2007},
  publisher={Routledge}
}

@article{berry1964cities,
  title={Cities as systems within systems of cities},
  author={Berry, Brian JL},
  journal={Papers in regional science},
  volume={13},
  number={1},
  pages={146--163},
  year={1964},
  publisher={Springer}
}


@article{simini2019testing,
  title={Testing Heaps law for cities using administrative and gridded population data sets},
  author={Simini, Filippo and James, Charlotte},
  journal={EPJ Data Science},
  volume={8},
  number={1},
  pages={1--13},
  year={2019},
  publisher={SpringerOpen}
}



@inproceedings{raimbault:halshs-02284897,
  TITLE = {{An evolutionary theory for the spatial dynamics of urban systems worldwide}},
  AUTHOR = {Raimbault, Juste and Pumain, Denise},
  URL = {https://halshs.archives-ouvertes.fr/halshs-02284897},
  BOOKTITLE = {{European Colloquium on Theoretical and Quantitative Geography}},
  ADDRESS = {Mondorf, Luxembourg},
  EDITOR = {Luxembourg Institute of Socio-economic Research},
  SERIES = {ECTQG 2019 Book of Abstract, ISBN 978-2-9199594-0-2},
  YEAR = {2019},
  MONTH = Sep,
  KEYWORDS = {Urban Systems ; Dynamic models ; Evolutionary Theory},
  HAL_ID = {halshs-02284897},
  HAL_VERSION = {v1},
}


@techreport{Florczyk2019ghs,
author={Florczyk, A.J. and Corbane, C. and Schiavina, M. and Pesaresi, M. and Maffenini, L. and Melchiorri, M. and Politis, P. and Sabo, F. and Freire, S. and Ehrlich, D. and Kemper, T. and Tommasi, P. and Airaghi, D. and L. Zanchetta},
year={2019},
title={GHS Urban Centre Database 2015, multitemporal and multidimensional attributes, R2019A},
institution={European Commission, Joint Research Centre (JRC)}
}


@article{vilcu2011geometric,
  title={A geometric perspective on the generalized Cobb--Douglas production functions},
  author={V{\^\i}lcu, Gabriel Eduard},
  journal={Applied Mathematics Letters},
  volume={24},
  number={5},
  pages={777--783},
  year={2011},
  publisher={Elsevier}
}


@ARTICLE{2019arXiv190505106C,
       author = {{Cottineau}, Cl{\'e}mentine and {Arcaute}, Elsa},
        title = "{The nested structure of urban business clusters}",
      journal = {arXiv e-prints},
     keywords = {Physics - Physics and Society},
         year = "2019",
        month = "May",
          eid = {arXiv:1905.05106},
        pages = {arXiv:1905.05106},
archivePrefix = {arXiv},
       eprint = {1905.05106},
 primaryClass = {physics.soc-ph},
       adsurl = {https://ui.adsabs.harvard.edu/abs/2019arXiv190505106C},
      adsnote = {Provided by the SAO/NASA Astrophysics Data System}
}



@article{favaro2011gibrat,
  title={Gibrat Revisited: An Urban Growth Model Incorporating Spatial Interaction and Innovation Cycles.},
  author={Favaro, Jean-Marc and Pumain, Denise},
  journal={Geographical Analysis},
  volume={43},
  number={3},
  pages={261--286},
  year={2011},
  publisher={Wiley Online Library}
}




@article{cottineau2015growing,
  title={Growing models from the bottom up. An evaluation-based incremental modelling method (EBIMM) applied to the simulation of systems of cities},
  author={Cottineau, Cl{\'e}mentine and Chapron, Paul and Reuillon, Romain},
  journal={Journal of Artificial Societies and Social Simulation},
  volume={18},
  number={4},
  pages={9},
  year={2015}
}


@article{pan2017mapping,
  title={Mapping urban networks through inter-firm service relationships: The case of China},
  author={Pan, Fenghua and Bi, Wenkai and Lenzer, James and Zhao, Simon},
  journal={Urban Studies},
  volume={54},
  number={16},
  pages={3639--3654},
  year={2017},
  publisher={SAGE Publications Sage UK: London, England}
}

@article{martinus2018global,
  title={Global city clusters: theorizing spatial and non-spatial proximity in inter-urban firm networks},
  author={Martinus, Kirsten and Sigler, Thomas J},
  journal={Regional studies},
  volume={52},
  number={8},
  pages={1041--1052},
  year={2018},
  publisher={Taylor \& Francis}
}


@article{taylor2001specification,
  title={Specification of the world city network},
  author={Taylor, Peter J},
  journal={Geographical analysis},
  volume={33},
  number={2},
  pages={181--194},
  year={2001},
  publisher={Wiley Online Library}
}

@article{AMADEUS2018,
author={BVD, .},
year={2018},
title={Bureau Van Dijk Amadeus database: extraction for Europe},
journal={University College London Library Service Databases}
}

@article{EUROSTAT2008,
  title={NACE rev.2 Statistical classification of economic activities in the European community},
  author={EUROSTAT},
  publisher   = {Office for Official Publications of the European Communities},
  address     = {Luxembourg},
  year        = {2019},
  pages       = {369p}
}


@article{Rozenblatetal2017,
  title={The multipolar regionalization of cities in multinational firms’ networks},
  author={Rozenblat, C\'eline and Zaidi, Faraz and Bellwald, Antoine},
  journal={Global Networks},
  volume={17},
  number={2},
  pages={171–-194},
  year={2017},
}

@article{Rozenblat2010,
  title={Opening the black box of agglomeration economies for measuring cities’ competitiveness through international firm networks},
  author={Rozenblat, C\'eline},
  journal={Urban Studies},
  volume={47},
  number={13},
  pages={2841–-2865},
  year={2010},
}

@incollection{Garasetal2018,
  title={Economic specialization and the nested bipartite network of city-firm relations},
  author={Garas, Antonios and Rozenblat, C\'eline and Schweitzer, Frank},
  Booktitle={Multiplex and Multilevel Networks},
  editor= {Battiston, Stefano and Caldarelli, Guido and Garras, Antonios},
  booktitle= {Cities in Globalization Practices Policies and Theories},
  pages={74–-83},
  year={2018},
  publisher={Oxford University Press}
}

@article{Hussainetal2019,
  title={Analyzing diversity, strength and centrality of cities using networks of multinational firms},
  author={Rozenblat, C\'eline},
  journal={Networks and Spatial Economics},
  volume={19},
  number={3},
  pages={791–-817},
  year={2010},
}

@incollection{BidaRozenblat2020,
  title={Modelling Hierarchy and Specialization of a System of Cities},
  author={Bida, Mehdi and Rozenblat, C\'eline},
  Booktitle={Theories and Models of Urbanization: Geography, Economics and Computing Sciences},
  Editor= {Pumain, Denise},
  pages={279–-300},
  year={2020},
  publisher={Springer Nature}
}

@article{Zdanowskaetal2020,
  title={Evolution of urban hierarchies under globalisation in Western and Eastern Europe},
  author={Zdanowska, Natalia and Rozenblat, C\'eline and Pumain, Denise},
  journal={Regional Statistics},
  volume={10},
  number={2},
  year={2020},
}

@article{PumainRozenblat2019,
  title={Two metropolisation gradients in the European system of cities revealed by scaling laws},
  author={Pumain, Denise and Rozenblat, C\'eline},
  journal={Environment and Planning B: Urban Analytics and City Science},
  volume={46},
  number={9},
  pages={1645--1662}
  year={2020},
}

@incollection{RozenblatPumain2018,
  title={Metropolization and polycentrism in the European Urban system},
  author={Rozenblat, C\'eline and Pumain, Denise},
  Booktitle={International and transnational perspectives on urban systems},
  Editor= {Rozenblat, C\'eline and Pumain, Denise and Velasquez, Elkin},
  pages={117–-141},
  year={2020},
  publisher={Springer}
}

@article{OCleary2016,
  title={A Tale of Two Clusters: The Evolution of Ireland’s Economic Complexity since 1995},
  author={O'Cleary, Neave},
  journal={Journal of the Statistical and Social Inquiry Society of Ireland},
  volume={168},
  pages={16--66}
}

@article{HaussmanHidalgo2009,
  title={The building blocks of economic complexity},
  author={Hidalgo, C\'esar and Hausmann, Ricardo},
  journal={PNAS},
  volume={106},
  number={26},
  pages={10570--10575}
  year={2009},
}